

 @conference{RaphaelPaper,
    author = {Rolny, Raphael and Kuhn, Marc and Wittneben, Armin and Zasowski, Thomas},
    title = {Relaying and Base Station Cooperation: a Comparative Survey for Future Cellular Networks},
    booktitle = {Asilomar Conference on Signals, Systems, and Computers},
    misc = {Pacific Grove, CA, USA},
    month = nov,
    year = 2012,
    url = {http://www.nari.ee.ethz.ch/wireless/pubs/p/asilomar12_rr}
}



@Article{lapidoth,
  author = 	 {A. Lapidoth and S. Shamai (Shitz) and M. A. Wigger},
  title = 	 {On Cognitive Interference Networks},
  journal = 	 {In Proc. of ITW 2007, Lake Tahoe, CA, USA},
  year = 	 2007,
  month =	 {Sep. 2-6},
}

@Book{cover,
  author = 	 {Thomas M. Cover and Joy A. Thomas},
  title = 	 {Elements of Information Theory},
  publisher = 	 {Wiley Interscience},
  year = 	 1991,
  edition =      {First}
}

@ARTICLE{telatar,
    author = {Telatar, E.},
    title = {Capacity of Multi-antenna Gaussian Channels},
    journal = {European Transactions on Telecommunications},
    year = {1999},
    volume = {10},
    pages = {585--595}
}

@article{InterferenceAlignment,
	author = {Cadambe, V. R. and Jafar, S. A.},
	title = {{Interference Alignment and Degrees of Freedom of the K-User 
				Interference Channel}},
	journal = {IEEE Trans. Inf. Theory},
	number = {8},
	pages = {3425--3441},
	volume = {54},
	year = {2008}
}

@Article{AdHocNetworks,
    author = {Ayfer \"{O}zg\"{u}r and Olivier L\'{e}v\^{e}que and David N. C. Tse},
    title = {Hierarchical cooperation achieves optimal capacity scaling in ad hoc networks},
    journal = {IEEE Trans. Inf. Theory},
    year = {2007},
    volume = {53},
    pages = {3549--3572}
}

@article{Berger,
    author = {Berger, Stefan and Unger, Timo and Kuhn, Marc and Klein, Anja and Wittneben, Armin},
    title = {Recent Advances in Amplify-and-Forward Two-Hop Relaying },
    journal = {Communications Magazine},
    status = {to appear},
    month = jul,
    year = 2009,
} 

@article{ boelcskei,
author = {B\"olcskei, Helmut and Nabar, Rohit U. and Oyman, \"Ozg\"ur and Paulraj, Arogyaswami J.},
    title = {Capacity scaling laws in {MIMO} relay networks},
    journal = {IEEE Trans. Wireless Communications},
    volume = {5},
    number = {6},
    pages = {1433--1444},
    month = {June},
    year = {2006},
} 

@ARTICLE{cookbook,
    author = {K. Petersen and M. Pedersen},
    title = {The Matrix Cookbook},
    year = {2008}
}


@misc{minka,
	author = {Thomas P. Minka},
	title = {Old and new matrix algebra useful for statistics},
	url = {http://citeseerx.ist.psu.edu/viewdoc/summary?doi=10.1.1.57.3315},
	year = {1997}
}

@book{MatrixAnalysis,
  author = {Roger A. Horn and Charles R. Johnson},
  publisher = {Cambridge University Press},
  title = {Matrix Analysis},
  year = {1990},
  isbn = {0-521-38632-2},
  mrclass = {15-01}
}

@book{ConvexOptimization,
	author = {Boyd, Stephen and Vandenberghe, Lieven},
	month = {March},
	publisher = {{Cambridge University Press}},
	title = {Convex Optimization},
	year = {2004}
}


@ARTICLE{ComplexDerivative,
   author = {{Brandwood}, D.~H.},
    title = "{A complex gradient operator and its application in adaptive array theory}",
  journal = {IEE Proceedings F: Communications Radar and Signal Processing},
     year = 1983,
    month = feb,
   volume = 130,
    pages = {11-16},
   adsurl = {http://adsabs.harvard.edu/abs/1983IPCRS.130...11B},
  adsnote = {Provided by the SAO/NASA Astrophysics Data System}
}

@techreport{ConjugateGradient,
	address = {Pittsburgh, PA, USA},
	author = {Shewchuk, J. R.},
	institution = {Carnegie Mellon University},
	title = {An Introduction to the Conjugate Gradient Method Without the Agonizing Pain},
	year = {1994}
}

@Book{CRcalculus,
  author = 	 {Ken Kreutz-Delgado},
  title = 	 {The Complex Gradient Operator and the {CR}-Calculus},
  publisher = 	 {Lecture Supplement, University of California, San Diego},
  month = {Fall},
  year = {2006}
}


@Article{costa,
  author =       {M. H. M. Costa},
  title =        {Writing on dirty paper},
  journal =      {IEEE Transactions on Information Theory},
  volume = {IT-49},
  number = {3},
  year =         {1983},
  month =        {May},
  pages =        {439-441}
}

@Book{linalg,
  author = 	 {K. Nipp and D. Stoffer},
  title = 	 {Lineare Algebra},
  publisher = 	 {vdf Hochschulverlag AG an der ETH Zuerich},
  year = 	 2002,
  edition =      {Fifth}
}

@Book{blatter,
  author = 	 {Christian Blatter},
  title = 	 {Autographie: Komplexe Analysis, Fourier- und Laplace-Transformation f\"{u}r Elektroingenieure},
  publisher = 	 {Lecture notes ETH Zurich, Fall semester},
  year = 	 2006
}

@Book{loeliger,
  author = 	 {H.-A. Loeliger},
  title = 	 {Signal and Information Processing: Modeling, Filtering, Learning},
  publisher = 	 {Lecture notes ETH Zurich, Fall semester},
  year = 	 2007
}

@conference{celal,
  	author 	=       {E\c{s}li, Celal and Wagner, J\"org and Wittneben, Armin},
  	title		=        {Distributed Gradient Based Gain Allocation for Coherent Multiuser Multihop {AF} Relaying 					Networks},
 	 booktitle 	=      {IEEE International Conference on Communications (ICC 2009)},
  	status 	=  {to appear},
  	month 	= jun,
  	year 		=      2009,
}

@Book{tse,
  author = 	 {Tse, David and Viswanath, Pramod},
  title = 	 {Fundamentals of Wireless Communication},
  publisher = 	 {Cambridge University Press},
  year = 	 2005
}

@conference{joerg,
  author =       {Wagner, J\"org and Kuhn, Marc and Wittneben, Armin},
  title = {Multihop-Enabled Orhtogonalization in Distributed {MIMO} Networks},
  booktitle = {IEEE Personal, Indoor and Mobile Radio Conference (PIMRC)},
  misc = {Cannes, France},
  month = sep,
  year = 2008,
}

@Article{dmt,
  author =       {Lizhong Zheng and David N. C. Tse},
  title =        {Diversity and Multiplexing: A Fundamental Tradeoff in Multiple-Antenna Channels},
  journal =      {IEEE Transactions on Information Theory},
  volume = {49},
  number = {5},
  year =         {2003},
  month =        {May},
  pages = {1073-1096}
}

@INPROCEEDINGS{munoz,
title={Non-regenerative MIMO relaying with channel state information},
author={Munoz, O. and Vidal, J. and Agustin, A.},
booktitle={IEEE International Conference on Acoustics, Speech, and Signal Processing},
year={2005},
month={March},
pages={ 361-364}
}


@conference{ rankov,
author = {Rankov, Boris and Wittneben, Armin},
title = {On the Capacity of Relay-Assisted Wireless {MIMO} Channels},
booktitle = {Signal Processing Advances in Wireless Communications, SPAWC},
month = {July},
year = {2004}
    
} 

@Book{FWC,
  author = 	 {B\"olcskei, Helmut},
  title = 	 {Fundamentals of Wireless Communications},
  publisher = 	 {Handouts for the lecture, ETH Zurich, spring semester},
  year = 	 2008
}



@ARTICLE{host,
title={On the capacity of {MIMO} relay channels},
author={Wang, B. and Zhang, J. and Host-Madsen, A.},
journal={Information Theory, IEEE Transactions on},
year={2005},
month={Jan. },
volume={51},
number={1},
pages={29-43},
}


